
@misc{llcd,
	type = {Text},
	title = {{LLCD}: 2013-2014},
	shorttitle = {{LLCD}},
	url = {http://www.nasa.gov/directorates/heo/scan/opticalcommunications/llcd},
	abstract = {Lunar Laser Communication Demonstration (LLCD): 2013-2014},
	language = {und},
	urldate = {2023-09-24},
	journal = {NASA},
	author = {Monaghan, Heather},
	month = mar,
	year = {2018},
	file = {Snapshot:C\:\\Users\\Ali\\Zotero\\storage\\H38LVVK2\\llcd.html:text/html},
}

@misc{dsoc,
	type = {Text},
	title = {Psyche and {DSOC}: 2022},
	shorttitle = {Psyche and {DSOC}},
	url = {http://www.nasa.gov/directorates/heo/scan/opticalcommunications/psyche-dsoc},
	abstract = {Psyche and Deep Space Optical Communications (DSOC): 2022},
	language = {und},
	urldate = {2023-09-24},
	journal = {NASA},
	author = {Monaghan, Heather},
	month = mar,
	year = {2018},
	file = {Snapshot:C\:\\Users\\Ali\\Zotero\\storage\\5RNY56JR\\psyche-dsoc.html:text/html},
}

@misc{lcrd,
	type = {Text},
	title = {Laser {Communications} {Relay} {Demonstration} ({LCRD})},
	url = {http://www.nasa.gov/mission_pages/tdm/lcrd/index.html},
	abstract = {NASA.gov brings you the latest images, videos and news from America's space agency. Get the latest updates on NASA missions, watch NASA TV live, and learn about our quest to reveal the unknown and benefit all humankind.},
	language = {und},
	urldate = {2023-09-24},
	journal = {NASA},
	author = {Mohon, Lee},
	month = jul,
	year = {2015},
	file = {Snapshot:C\:\\Users\\Ali\\Zotero\\storage\\YCUMR6JQ\\index.html:text/html},
}
